<record xmlns="http://www.openarchives.org/OAI/2.0/" xmlns:xsi="http://www.w3.org/2001/XMLSchema-instance"><header><identifier>oai:alma.34CSIC_INST:990012274630204201</identifier><datestamp>2020-02-06T08:41:03Z</datestamp><setSpec>manuscripta</setSpec></header><metadata><record xmlns="http://www.loc.gov/MARC21/slim" xmlns:xsi="http://www.w3.org/2001/XMLSchema-instance" xsi:schemaLocation="http://www.loc.gov/MARC21/slim http://www.loc.gov/standards/marcxml/schema/MARC21slim.xsd"><leader>05361ntm a2200553 i 4500</leader><controlfield tag="005">20181031100341.0</controlfield><controlfield tag="008">100330q1601    sp            000 0 ara d</controlfield><controlfield tag="001">990012274630204201</controlfield><datafield tag="035" ind1=" " ind2=" "><subfield code="a">CSIC001227463</subfield></datafield><datafield tag="035" ind1=" " ind2=" "><subfield code="a">(ES-MaCSI)001227463MAD01-Aleph</subfield></datafield><datafield tag="035" ind1=" " ind2=" "><subfield code="a">(OCoLC)1124059831
</subfield></datafield><datafield tag="040" ind1=" " ind2=" "><subfield code="a">ES-MaCSI</subfield><subfield code="b">spa</subfield></datafield><datafield tag="080" ind1=" " ind2=" "><subfield code="a">091(=411.21)</subfield></datafield><datafield tag="100" ind1="1" ind2=" "><subfield code="a">Naṣr b. Muḥammad b. Ibrahīm Alsamarqandī</subfield></datafield><datafield tag="245" ind1="1" ind2="0"><subfield code="a">Tanbīh algāfalīn </subfield><subfield code="h">[Manuscrito]</subfield><subfield code="c">/ Naṣr b. Muḥammad b. Ibrahīm Alsamarqandī.</subfield></datafield><datafield tag="260" ind1=" " ind2=" "><subfield code="a">[S.l.],</subfield><subfield code="c">[1]601.</subfield></datafield><datafield tag="300" ind1=" " ind2=" "><subfield code="a">377ff. (Una col., 22-24 líneas por pág.) :</subfield><subfield code="b">Papel ;</subfield><subfield code="c">29,3 x 20,6 cms (22,5 x 13 cm).</subfield></datafield><datafield tag="490" ind1="0" ind2=" "><subfield code="a">Manuscripta</subfield></datafield><datafield tag="500" ind1=" " ind2=" "><subfield code="a">Incipit: كَبِّتُلُ ذَا لُكَا ءَاشْذَا ذَاشْبِيَدُ دَا لَبَّارْشُنَ بُّرْ كَوْشَ دَالَصَدَقَا</subfield></datafield><datafield tag="500" ind1=" " ind2=" "><subfield code="a">Explicit: ءَالَنِّبِي مُحَمَّد صعم هِزُ ءَاشْتُشْسِنْكُاَصَلَ َاشْ اِتُدَشْلَدَامَشْاَنَافِلَشْ كَاشُنْاُشْ اَصَلَءَاشْدَا غَرَسِيَ [...] تمت. اَللَّهُ اَكْبَر</subfield></datafield><datafield tag="500" ind1=" " ind2=" "><subfield code="a">Tinta marrón oscura, altamente metalogálica.</subfield></datafield><datafield tag="500" ind1=" " ind2=" "><subfield code="a">Copista: Varias manos. Una de ellas de Escribano Mayor.</subfield></datafield><datafield tag="500" ind1=" " ind2=" "><subfield code="a">Colofón: No.</subfield></datafield><datafield tag="500" ind1=" " ind2=" "><subfield code="a">Características especiales: No.</subfield></datafield><datafield tag="500" ind1=" " ind2=" "><subfield code="a">Ilustración: No.</subfield></datafield><datafield tag="500" ind1=" " ind2=" "><subfield code="a">Ilustraciones: Manecillas. Tres puntos en forma de pirámide. Tréboles. Algunas cenefas geométricas simples.</subfield></datafield><datafield tag="500" ind1=" " ind2=" "><subfield code="a">Tipo de cuaderno: Especialmente sexternos y septernos.</subfield></datafield><datafield tag="500" ind1=" " ind2=" "><subfield code="a">Deterioros: Muchas manchas de oxidación, humedad y fuego. Tinta metalogálica ha roto el papel en buena parte de la caja de texto en algunos cuadernos, impidiendo la lectura de todo ello.</subfield></datafield><datafield tag="500" ind1=" " ind2=" "><subfield code="a">H. en blanco: 12 hojas de guarda, f. 379v.</subfield></datafield><datafield tag="500" ind1=" " ind2=" "><subfield code="a">H dañadas, mutiladas, sueltas: Sueltas: 4 primeras h. d. g., 12, 50, 51, 60, 61, 74, 362, 363, 364, 377.</subfield></datafield><datafield tag="500" ind1=" " ind2=" "><subfield code="a">H. faltan o añadidas: No.</subfield></datafield><datafield tag="500" ind1=" " ind2=" "><subfield code="a">Foliación: Varios tipos: de época, a tinta, en el ángulo superior externo del vuelto de cada folio. Moderna, a lápiz, en el margen exterior del recto de cada folio. Paginación moderna, a lápiz, en esquina inferior externa.</subfield></datafield><datafield tag="500" ind1=" " ind2=" "><subfield code="a">Reclamos: En horizontal, en margen inferior derecho del verso del último folio del cuaderno. Prácticamente desaparecidos.</subfield></datafield><datafield tag="500" ind1=" " ind2=" "><subfield code="a">Signatura de cuaderno: No.</subfield></datafield><datafield tag="500" ind1=" " ind2=" "><subfield code="a">Pautado: No se aprecia.</subfield></datafield><datafield tag="500" ind1=" " ind2=" "><subfield code="a">Filigrana: Lágrima en la que hay una cruz hueca, bajo la que se esboza una “M”. Debajo de la lágima, forma redondeada, de la cual pende otra “M” mayor.</subfield></datafield><datafield tag="500" ind1=" " ind2=" "><subfield code="a">Signatura antigua: Junta 6.</subfield></datafield><datafield tag="500" ind1=" " ind2=" "><subfield code="a">Anotaciones: Llamadas de atención en el margen.</subfield></datafield><datafield tag="510" ind1="3" ind2=" "><subfield code="a">Descripción: Pablo Gil y Gil, “Los manuscritos aljamiados de mi colección”, en Homenaje a Francisco Codera, Zaragoza, Mariano Escar, 1904, p. 540. Julián Ribera y Miguel Asín, Manuscritos árabes y aljamiados de la Biblioteca de la Junta, Madrid, Junta para Ampliación de Estudios e Investigaciones Científicas, 1912, pp. 34-38.</subfield></datafield><datafield tag="520" ind1="2" ind2=" "><subfield code="a">Relación de capítulos morales y doctrinales, así como tradiciones.</subfield></datafield><datafield tag="530" ind1=" " ind2=" "><subfield code="a">María Pilar Martínez Olmo, Colección de manuscritos árabes y aljamiados de la Biblioteca del Instituto de Filología del CSIC [recurso electrónico]: los manuscritos de la Junta, Madrid, CSIC, 1998, 4 Cd-Rom.</subfield></datafield><datafield tag="541" ind1=" " ind2=" "><subfield code="a">Procedencia: Almonacid de la Sierra</subfield><subfield code="d">Ingreso: Junio de 1910.</subfield></datafield><datafield tag="546" ind1=" " ind2=" "><subfield code="a">Aljamía y árabe</subfield><subfield code="b">con escritura magrebí</subfield></datafield><datafield tag="563" ind1=" " ind2=" "><subfield code="a">Inexistente.</subfield></datafield><datafield tag="650" ind1=" " ind2="7"><subfield code="a">Manuscritos árabes.</subfield><subfield code="2">CSICAU</subfield></datafield><datafield tag="650" ind1=" " ind2="7"><subfield code="a">Manuscritos aljamiados.</subfield><subfield code="2">CSICAU</subfield></datafield><datafield tag="830" ind1=" " ind2="0"><subfield code="a">Manuscripta</subfield></datafield><datafield tag="856" ind1="4" ind2="1"><subfield code="u">http://aleph.csic.es/imagenes/mad01/0006_PMSC/P_001227463_650806_V00.pdf</subfield><subfield code="z">Descargar Pdf completo (50M)</subfield><subfield code="m">CSIC</subfield></datafield><datafield tag="856" ind1="4" ind2="1"><subfield code="u">http://simurg.bibliotecas.csic.es/viewer/image/CSIC001227463/1/</subfield><subfield code="z">Ver texto completo en SIMURG, el portal de fondos digitalizados del CSIC</subfield><subfield code="m">CSIC</subfield></datafield><datafield tag="856" ind1="4" ind2="1"><subfield code="u">http://aleph.csic.es/imagenes/mad01/0006_PMSC/html/001227463.html</subfield><subfield code="z">Ver texto completo en Bookreader</subfield></datafield></record></metadata></record>